<record><leader>00000cas a22000007a 4500</leader><controlfield tag="001">11386127</controlfield><controlfield tag="008">841114d189u1902mtuwr ne      0    0eng d</controlfield><datafield ind1=" " ind2=" " tag="010"><subfield code="a">sn 84036241 </subfield></datafield><datafield ind1=" " ind2=" " tag="040"><subfield code="a">MTL</subfield><subfield code="b">eng</subfield><subfield code="c">MTL</subfield><subfield code="d">OCLCQ</subfield></datafield><datafield ind1=" " ind2=" " tag="042"><subfield code="a">msc</subfield></datafield><datafield ind1="0" ind2="0" tag="245"><subfield code="a">Carbon County sentinel.</subfield></datafield><datafield ind1=" " ind2=" " tag="260"><subfield code="a">Gebo, Mont. :</subfield><subfield code="b">E.L. Boardman,</subfield><subfield code="c">-1902.</subfield></datafield><datafield ind1=" " ind2=" " tag="300"><subfield code="a">6 v. :</subfield><subfield code="b">ill.</subfield></datafield><datafield ind1=" " ind2=" " tag="310"><subfield code="a">Weekly</subfield></datafield><datafield ind1="0" ind2=" " tag="362"><subfield code="a">-v. 6, no. 49 (Apr. 25, 1902).</subfield></datafield><datafield ind1=" " ind2=" " tag="500"><subfield code="a">"We will advocate the principles of the Democratic Party."</subfield></datafield><datafield ind1=" " ind2=" " tag="500"><subfield code="a">"Official county paper," &lt;Jan. 7, 1898&gt;-Oct. 14, 1898.</subfield></datafield><datafield ind1=" " ind2=" " tag="588"><subfield code="a">Description based on: Vol. 2, no. 33 (Jan. 7, 1898).</subfield></datafield><datafield ind1=" " ind2=" " tag="752"><subfield code="a">United States</subfield><subfield code="b">Montana</subfield><subfield code="c">Carbon</subfield><subfield code="d">Gebo.</subfield></datafield><datafield ind1="0" ind2="0" tag="785"><subfield code="t">Free press (Bridger, Mont.)</subfield><subfield code="w">(DLC)sn 84036242</subfield></datafield><datafield ind1="1" ind2=" " tag="029"><subfield code="a">AU@</subfield><subfield code="b">000023457303</subfield></datafield></record>